@Misc{2013,
  date = {2013-3-5},
  number.date-parts = {list(NULL)},
  url = {http://dx.doi.org/10.1214/12-aos1075supp},
  doi = {10.1214/12-aos1075supp},
  score = {5.120553},
  journaltitle = {},
  year = {2016},
}
